01REMESSA01COBRANCA       306600178371        GENILTON BARBOSA              341BANCO ITAU S.A.130502                                                                                                                                                                                                                                                                                                      000001
10100067776116653306600178371        9876                     000012340000000000000175                     I01          20050200000000100003410000005N100502    0000000000000      0000000000000000000000000000000000000000100012345678901JO O DA SILVA                           AV. P. H. ROLFS 324 APTO 220            CENTRO      36570000VICOSA         MG                                           000002
9                                                                                                                                                                                                                                                                                                                                                                                                         000003
